<?xml version="1.0" encoding="UTF-8"?><record xmlns="http://www.loc.gov/MARC21/slim" xmlns:cinclude="http://apache.org/cocoon/include/1.0" xmlns:zs="http://www.loc.gov/zing/srw/">
  <leader>00617cz  a2200181n  4500</leader>
  <controlfield tag="001">no2012139336</controlfield>
  <controlfield tag="003">DLC</controlfield>
  <controlfield tag="005">20130328082759.0</controlfield>
  <controlfield tag="008">121024n| azannaabn          |a aaa     c</controlfield>
  <datafield tag="010" ind1=" " ind2=" ">
    <subfield code="a">no2012139336</subfield>
  </datafield>
  <datafield tag="035" ind1=" " ind2=" ">
    <subfield code="a">(OCoLC)oca09332554</subfield>
  </datafield>
  <datafield tag="040" ind1=" " ind2=" ">
    <subfield code="a">PPPrHi</subfield>
    <subfield code="b">eng</subfield>
    <subfield code="e">rda</subfield>
    <subfield code="c">PPPrHi</subfield>
    <subfield code="d">DLC</subfield>
  </datafield>
  <datafield tag="046" ind1=" " ind2=" ">
    <subfield code="f">1895</subfield>
  </datafield>
  <datafield tag="100" ind1="1" ind2=" ">
    <subfield code="a">Reed, Frank A.</subfield>
    <subfield code="q">(Frank Andrew),</subfield>
    <subfield code="d">1895-</subfield>
  </datafield>
  <datafield tag="378" ind1=" " ind2=" ">
    <subfield code="q">Frank Andrew</subfield>
  </datafield>
  <datafield tag="400" ind1="1" ind2=" ">
    <subfield code="w">nnea</subfield>
    <subfield code="a">Reed, Frank A.</subfield>
    <subfield code="q">(Frank Andrew),</subfield>
    <subfield code="d">b. 1895</subfield>
  </datafield>
  <datafield tag="670" ind1=" " ind2=" ">
    <subfield code="a">Lumberjack sky pilot, c1976:</subfield>
    <subfield code="b">t.p. (Frank A. Reed) p. 71, etc. (Frank Reed; b. 1895)</subfield>
  </datafield>
  <datafield tag="670" ind1=" " ind2=" ">
    <subfield code="a">PPPrHi biographical vertical file, RG 414</subfield>
    <subfield code="b">(Reed, Frank Andrew; b. 1895)</subfield>
  </datafield>
</record>